<record><leader>00000cas a22000007a 4500</leader><controlfield tag="001">15798174</controlfield><controlfield tag="008">870602d189u1uuuiauwr ne      0    0eng d</controlfield><datafield ind1=" " ind2=" " tag="010"><subfield code="a">sn 87058246 </subfield></datafield><datafield ind1=" " ind2=" " tag="040"><subfield code="a">INP</subfield><subfield code="b">eng</subfield><subfield code="c">INP</subfield><subfield code="d">OCLCQ</subfield></datafield><datafield ind1=" " ind2=" " tag="042"><subfield code="a">msc</subfield></datafield><datafield ind1="0" ind2="0" tag="245"><subfield code="a">Columbus weekly safeguard.</subfield></datafield><datafield ind1="3" ind2="0" tag="246"><subfield code="a">Safeguard</subfield></datafield><datafield ind1=" " ind2=" " tag="260"><subfield code="a">Columbus Junction, Iowa :</subfield><subfield code="b">O.S. Todd</subfield></datafield><datafield ind1=" " ind2=" " tag="300"><subfield code="a">v.</subfield></datafield><datafield ind1=" " ind2=" " tag="310"><subfield code="a">Weekly</subfield></datafield><datafield ind1=" " ind2=" " tag="588"><subfield code="a">Description based on: Vol. 24, no. 29 (July 18, 1894).</subfield></datafield><datafield ind1=" " ind2=" " tag="752"><subfield code="a">United States</subfield><subfield code="b">Iowa</subfield><subfield code="c">Louisa</subfield><subfield code="d">Columbus Junction.</subfield></datafield><datafield ind1="0" ind2="0" tag="780"><subfield code="t">Columbus semi-weekly safeguard</subfield><subfield code="w">(DLC)sn 87058245</subfield></datafield><datafield ind1="0" ind2="0" tag="785"><subfield code="t">Columbus safeguard (Columbus Junction, Iowa : 1900)</subfield><subfield code="w">(DLC)sn 87058248</subfield></datafield></record>